@inproceedings{lin2013modeling,
  author =       {\textbf{Yishi Lin} and Lui, John C.S. and Jung, Kyomin and
                  Lim, Sungsu},
  title =        {Modeling Multi-state Diffusion Process in Complex Networks:
                  Theory and Applications},
  booktitle =    {Proceedings of the 2013 International Conference on
                  Signal-Image Technology \& Internet-Based Systems (SITIS)},
  _pages =       {506--513},
  year =         2013
}

@article{lin2014modelling,
  title =        {Modelling multi-state diffusion process in complex networks:
                  theory and applications},
  author =       {\textbf{Yishi Lin} and Lui, John C.S. and Jung, Kyomin and
                  Lim, Sungsu},
  journal =      {Journal of Complex Networks},
  year =         2014,
  _volume =      2,
  _number =      4,
  _pages =       {431--459},
  _publisher =   {Oxford University Press}
}

@article{lin2015analyzing,
  title =        {Analyzing competitive influence maximization problems with
                  partial information: An approximation algorithmic framework},
  author =       {\textbf{Yishi Lin} and Lui, John C.S.},
  journal =      {Performance Evaluation (also accepted in the IFIP W.G. 7.3.
                  Performance Conference, 2015)},
  year =         2015,
  _volume =      91,
  _pages =       {187--204},
  _publisher =   {Elsevier}
}

@inproceedings{lin2015efficient,
  title =        {{I/O} Efficient Algorithms for Exact Distance Queries on
                  Disk-Resident Dynamic Graphs},
  author =       {\textbf{Yishi Lin} and Chen, Xiaowei and Lui, John C.S.},
  booktitle =    {Proceedings of the 2015 IEEE/ACM International Conference on
                  Advances in Social Networks Analysis and Mining (ASONAM)},
  _pages =       {440--447},
  year =         2015,
  _organization ={ACM}
}

@article{lin2017aim,
  title =        {Where and Who Should you Advertise? {Influence} Maximization
                  for Two-Layer Networks},
  author =       {\textbf{Yishi Lin} and Lui, John C.S.}
}

@article{lin2017boosting,
  title =        {Boosting Information Spread: An Algorithmic Approach},
  author =       {\textbf{Yishi Lin} and Chen, Wei and Lui, John C.S.},
  journal =      {Accepted for publication in IEEE International Conference on
                  Data Engineering (ICDE)},
  year =         2017
}

@inproceedings{xu2014provable,
  title =        {A provable algorithmic approach to product selection problems
                  for market entry and sustainability},
  author =       {Xu, Silei and \textbf{Yishi Lin} and Xie, Hong and Lui, John
                  C.S.},
  booktitle =    {Proceedings of the 26th International Conference on Scientific
                  and Statistical Database Management (SSDBM)},
  _pages =       {19:1--19:12},
  year =         2014,
  organization = {ACM}
}

@article{choe2017opspreading,
  title =        {Efficient Approximation of Opinion Spreading in General Social
                  Networks},
  author =       { Choe, Byeongjin and \textbf{Yishi Lin} and Lim, Sungsu and
                  Lui, John C.S. and Jung, Kyomin}
}
